

@book{hasbrouck2006empirical,
  title={Empirical market microstructure: The institutions, economics, and econometrics of securities trading},
  author={Hasbrouck, Joel},
  year={2006},
  publisher={Oxford University Press}
}

@article{easley2011microstructure,
  title={The microstructure of the ‘Flash Crash’: Flow toxicity, liquidity crashes and the probability of informed trading},
  author={Easley, David and Lopez de Prado, Marcos and O'Hara, Maureen},
  journal={The Journal of Portfolio Management},
  volume={37},
  number={2},
  pages={118--128},
  year={2011}
}