@article{wang2014behavior,
  title={The Behavior of bid-ask spreads in the electronically-traded corn futures market},
  author={Wang, Xiaoyang and Garcia, Philip and Irwin, Scott H},
  journal={American Journal of Agricultural Economics},
  volume={96},
  number={2},
  pages={557--577},
  year={2014}
}

@article{caballero2008financial,
  title={Financial Crash, Commodity Prices, and Global Imbalances},
  author={Caballero, Ricardo J and Farhi, Emmanuel and Gourinchas, Pierre-Olivier},
  journal={Brookings Papers on Economic Activity},
  pages={1--55},
  year={2008}
}

@inproceedings{garcia1992effect,
  title={The effect of market information on corn and soybean markets},
  author={Garcia, Philip and Leuthold, Raymond M},
  booktitle={Proceedings of the 1992 NCR-134 Applied Commodity Price Analysis, Forecasting and Market Risk Management Conference, Chicago, IL, April},
  pages={59--74},
  year={1992}
}

@book{hasbrouck2006empirical,
  title={Empirical market microstructure: The institutions, economics, and econometrics of securities trading},
  author={Hasbrouck, Joel},
  year={2006},
  publisher={Oxford University Press}
}

@book{o1995market,
  title={Market microstructure theory},
  author={O'Hara, Maureen},
  volume={108},
  year={1995},
  publisher={Blackwell Cambridge, MA}
}

@article{easley2011microstructure,
  title={The microstructure of the ‘Flash Crash’: Flow toxicity, liquidity crashes and the probability of informed trading},
  author={Easley, David and Lopez de Prado, Marcos and O'Hara, Maureen},
  journal={The Journal of Portfolio Management},
  volume={37},
  number={2},
  pages={118--128},
  year={2011}
}

@article{bagehot1971only,
  title={The only game in town},
  author={Bagehot, Walter},
  journal={Financial Analysts Journal},
  volume={27},
  number={2},
  pages={12--14},
  year={1971}
}

@article{glosten1985bid,
  title={Bid, ask and transaction prices in a specialist market with heterogeneously informed traders},
  author={Glosten, Lawrence R and Milgrom, Paul R},
  journal={Journal of Financial Economics},
  volume={14},
  number={1},
  pages={71--100},
  year={1985}
}

@article{copeland1983information,
  title={Information effects on the bid-ask spread},
  author={Copeland, Thomas E and Galai, Dan},
  journal={The Journal of Finance},
  volume={38},
  number={5},
  pages={1457--1469},
  year={1983}
}

@article{akerlof1970market,
  title={The market for" lemons": Quality uncertainty and the market mechanism},
  author={Akerlof, George A},
  journal={The Quarterly Journal of Economics},
  volume = {84},
  number = {3},pages={488--500},
  year={1970}
}

@article{easley1987price,
  title={Price, trade size, and information in securities markets},
  author={Easley, David and O'Hara, Maureen},
  journal={Journal of Financial economics},
  volume={19},
  number={1},
  pages={69--90},
  year={1987}
}

@article{easley2002information,
  title={Is information risk a determinant of asset returns?},
  author={Easley, David and Hvidkjaer, Soeren and O’Hara, Maureen},
  journal={The Journal of Finance},
  volume={57},
  number={5},
  pages={2185--2221},
  year={2002}
}

@article{easley1997one,
  title={One day in the life of a very common stock},
  author={Easley, David and Kiefer, Nicholas M and O'Hara, Maureen},
  journal={Review of Financial Studies},
  volume={10},
  number={3},
  pages={805--835},
  year={1997}
}

@article{kumar1994information,
  title={Information and index arbitrage},
  author={Kumar, Praveen and Seppi, Duane J},
  journal={Journal of Business},
  volume={67},
  number={4},
  pages={481--509},
  year={1994}
}

@article{easley1992time,
  title={Time and the process of security price adjustment},
  author={Easley, David and O'Hara, Maureen},
  journal={The Journal of Finance},
  volume={47},
  number={2},
  pages={577--605},
  year={1992}
}

@article{easley1987price,
  title={Price, trade size, and information in securities markets},
  author={Easley, David and O'Hara, Maureen},
  journal={Journal of Financial Economics},
  volume={19},
  number={1},
  pages={69--90},
  year={1987}
}

@article{roll2007liquidity,
  title={Liquidity and the Law of One Price: The Case of the Futures-Cash Basis},
  author={Roll, Richard and Schwartz, Eduardo and Subrahmanyam, Avanidhar},
  journal={The Journal of Finance},
  volume={62},
  number={5},
  pages={2201--2234},
  year={2007}
}

@article{Yan2012454,
title = "An improved estimation method and empirical properties of the probability of informed trading ",
journal = "Journal of Banking & Finance ",
volume = "36",
number = "2",
pages = "454 - 467",
year = "2012",
author = "Yuxing Yan and Shaojun Zhang"
}

@ARTICLE{Vega2006103,
author={Vega, C.},
title={Stock price reaction to public and private information},
journal={Journal of Financial Economics},
year={2006},
volume={82},
number={1},
pages={103-133}
}



@ARTICLE{Boehmer200726,
author={Boehmer, E. and Grammig, J. and Theissen, E.},
title={Estimating the probability of informed trading-does trade misclassification matter?},
journal={Journal of Financial Markets},
year={2007},
volume={10},
number={1},
pages={26-47}
}



@article{JFQ:4486580,
author = {Baesel,Jerome and Grant,Dwight},
title = {Optimal Sequential Futures Trading},
journal = {Journal of Financial and Quantitative Analysis},
volume = {17},
issue = {05},
month = {12},
year = {1982},
issn = {1756-6916},
pages = {683--695}
}

@techreport{hasbrouck2015,
	Author = {Joel Hasbrouck},
	Date-Modified = {2015-01-01},
	Institution = {New York University},
	Title = {High Frequency Quoting: Short-Term Volatility in Bids and Offers},
	Type = {Working Paper},
	Year = {2015}
}


@PhdThesis{WangPhd14,
           title = "{Price volatility and liquidity cost in grain futures markets}",
          author = "Xiaoyang Wang",
          school = "University of Illinois",
           month = may,
            year = "2014",
}

@article{Irwin01032011,
author = {Irwin, Scott H. and Sanders, Dwight R.}, 
title = {Index Funds, Financialization, and Commodity Futures Markets},
volume = {33}, 
number = {1}, 
pages = {1-31}, 
year = {2011}, 
journal = {Applied Economic Perspectives and Policy} 
}

@techreport{NBERw19642,
 title = "The Financialization of Commodity Markets",
 author = "Ing-Haw Cheng and Wei Xiong",
 institution = "National Bureau of Economic Research",
 type = "Working Paper",
 series = "Working Paper Series",
 number = "19642",
 year = "2013",
 month = "November"
}

@article{Irwin2012256,
title = "Testing the Masters Hypothesis in commodity futures markets ",
journal = "Energy Economics ",
volume = "34",
number = "1",
pages = "256 - 269",
year = "2012",
author = "Scott H. Irwin and Dwight R. Sanders"
}

@article{Henderson01052015,
author = {Henderson, Brian J. and Pearson, Neil D. and Wang, Li}, 
title = {New Evidence on the Financialization of Commodity Markets},
volume = {28}, 
number = {5}, 
pages = {1285-1311}, 
year = {2015}, 
journal = {Review of Financial Studies} 
}

@article{Serra2013141,
title = "Biofuel-related price transmission literature: A review ",
journal = "Energy Economics ",
volume = "37",
pages = "141 - 151",
year = "2013",
author = "Teresa Serra and David Zilberman"
}

@article{Mallory20122157,
title = "How market efficiency and the theory of storage link corn and ethanol markets ",
journal = "Energy Economics ",
volume = "34",
number = "6",
pages = "2157 - 2166",
year = "2012",
author = "Mindy L. Mallory and Scott H. Irwin and Dermot J. Hayes"
}

@article{Gardebroek2013119,
title = "Do energy prices stimulate food price volatility? Examining volatility transmission between \{US\} oil, ethanol and corn markets ",
journal = "Energy Economics ",
volume = "40",
number = "0",
pages = "119 - 129",
year = "2013",
author = "Cornelis Gardebroek and Manuel A. Hernandez"
}

@article{Vacha2013233,
title = "Time–frequency dynamics of biofuel–fuel–food system ",
journal = "Energy Economics ",
volume = "40",
number = "0",
pages = "233 - 241",
year = "2013",
author = "Lukas Vacha and Karel Janda and Ladislav Kristoufek and David Zilberman"
}

@article{Avalos2014253,
title = "Do oil prices drive food prices? The tale of a structural break ",
journal = "Journal of International Money and Finance ",
volume = "42",
number = "0",
pages = "253 - 271",
year = "2014",
author = "Fernando Avalos"
}

@article{trujillo2012volatility,
  title={Volatility spillovers in US crude oil, ethanol, and corn futures markets},
  author={Trujillo-Barrera, Andres and Mallory, Mindy and Garcia, Philip and others},
  journal={Journal of Agricultural and Resource Economics},
  volume={37},
  number={2},
  pages={247},
  year={2012}
}

@article{ait2005often,
  title={How often to sample a continuous-time process in the presence of market microstructure noise},
  author={A{\"\i}t-Sahalia, Yacine and Mykland, Per A and Zhang, Lan},
  journal={Review of Financial Studies},
  volume={18},
  number={2},
  pages={351--416},
  year={2005}
}

@article{andersen2001distribution,
  title={The distribution of realized exchange rate volatility},
  author={Andersen, Torben G and Bollerslev, Tim and Diebold, Francis X and Labys, Paul},
  journal={Journal of the American Statistical Association},
  volume={96},
  number={453},
  pages={42--55},
  year={2001}
}

@article{easley2012volume,
  title={The Volume Clock: Insights into the High-Frequency Paradigm (Digest Summary)},
  author={Easley, David and de Prado, Marcos M L{\'o}pez and O’Hara, Maureen},
  journal={Journal of Portfolio Management},
  volume={39},
  number={1},
  pages={19--29},
  year={2012}
}

@article{hasbrouck2013high,
  title={High frequency quoting: Short-term volatility in bids and offers},
  author={Hasbrouck, Joel},
  journal={Available at SSRN 2237499},
  year={2013}
}

@article{lee2008jumps,
  title={Jumps in financial markets: A new nonparametric test and jump dynamics},
  author={Lee, Suzanne S and Mykland, Per A},
  journal={Review of Financial Studies},
  volume={21},
  number={6},
  pages={2535--2563},
  year={2008}
}

@article{lehecka2014gone,
  title={Gone in Ten Minutes: Intraday Evidence of Announcement Effects in the Electronic Corn Futures Market},
  author={Lehecka, Georg V and Wang, Xiaoyang and Garcia, Philip},
  journal={Applied Economic Perspectives and Policy},
  volume={36},
  number={3},
  pages={504--526},
  year={2014}
}

@article{balcombe2011nature,
  title={The nature and determinants of volatility in agricultural prices: an empirical study.},
  author={Balcombe, Kevin and Prakash, A and others},
  journal={Safeguarding food security in volatile global markets},
  pages={89--110},
  year={2011},
  publisher={Food and Agriculture Organization of the United Nations (FAO)}
}

@article{gilbert2010food,
  title={Food price volatility},
  author={Gilbert, Christopher L and Morgan, C Wyn},
  journal={Philosophical Transactions of the Royal Society of London B: Biological Sciences},
  volume={365},
  number={1554},
  pages={3023--3034},
  year={2010},
  publisher={The Royal Society}
}

@article{prakash2011rising,
  title={Rising vulnerability in the global food system: beyond market fundamentals.},
  author={Prakash, Adam and Gilbert, Christopher L and others},
  journal={Safeguarding food security in volatile global markets},
  pages={45--66},
  year={2011},
  publisher={Food and Agriculture Organization of the United Nations (FAO)}
}

@article{peterson2015,
  title={How will closing the trading pits affect market performance},
  author={Peterson, Paul},
  journal={farmdoc daily},
  volume={5},
  number={40},
  year={2015}
}

@article{brennan1958supply,
  title={The supply of storage},
  author={Brennan, Michael J},
  journal={The American Economic Review},
  volume={48},
  number={1},
  pages={50--72},
  year={1958}
}

@article{working1948theory,
  title={Theory of the inverse carrying charge in futures markets},
  author={Working, Holbrook},
  journal={Journal of Farm Economics},
  volume={30},
  number={1},
  pages={1--28},
  year={1948}
}

@article{working1949theory,
  title={The theory of price of storage},
  author={Working, Holbrook},
  journal={The American Economic Review},
  pages={1254--1262},
  year={1949}
}
